@article{McGuire2013,
	author = {McGuire, Gary and Tugemann, Bastian and Civario, Gilles},
	title = {There is no 16-Clue Sudoku: Solving the Sudoku Minimum Number of Clues Problem via Hitting Set Enumeration},
	journal = {Experimental Mathematics},
	year = {2013},
	url = {https://arxiv.org/pdf/1201.0749v2.pdf}
}

@online{OEIS,
	author = {{The OEIS Foundation}},
	title = {The On-Line Encyclopedia of Integer Sequences},
	year = {1964},
	url = {https://oeis.org/A107739},
	urldate = {2016-11-06}
}